% This file was created with Citavi 6.17.0.0

@article{GarciaMolina.1987,
 author = {Garcia-Molina, Hector and Salem, Kenneth},
 year = {1987},
 title = {Sagas},
 issn = {0163-5808},
 journal = {ACM SIGMOD Record},
 doi = {10.1145/38714.38742}
}


@misc{microservices.io.12.01.2024,
 abstract = {A service's database is private to that service},
 author = {microservices.io},
 year = {12.01.2024},
 title = {Microservices Pattern: Database per service},
 url = {https://microservices.io/patterns/data/database-per-service.html},
 urldate = {14.01.2024}
}


@article{SadalagePramodJ.andFowlerMartin.2012,
 author = {{Sadalage, Pramod J. and Fowler, Martin}},
 year = {2012},
 title = {NoSQL Distilled: A Brief Guide to the Emerging World of Polyglot Persistence}
}


